@article{Reference1,
	Abstract = {},
	Author = {WangCai},
	Journal = {},
	Month = {},
	Number = {},
	Url = {https://zhuanlan.zhihu.com/p/50685812},
	Year = {2019}}

@article{Reference2,
	Abstract = {},
	Author = {D. Silver},
	Journal = {Teaching},
	Title = {Reinforcement Learning},
	Url = {http://www0.cs.ucl.ac.uk/staff/d.silver/web/Teaching.html},
	Year = {2018}}


